@book{Hairer:1993,
  author    = {{Hairer}, Ernst and {NÃ¸rsett} Syvert Paul and {Wanner}, Gerhard},
  title     = {Solving Ordinary Differential Equations I},
  publisher = {Springer, Berlin, Heidelberg},
  year      = {1993},
  series    = {Springer Series in Computational Mathematics},
  doi       = {10.1007/978-3-540-78862-1}
}

@article{Harris:2020,
  url           = {https://ui.adsabs.harvard.edu/abs/2020Natur.585..357H},
  archiveprefix = {arXiv},
  author        = {{Harris}, Charles R. and {Millman}, K. Jarrod and {van der Walt}, St{\'e}fan J. and {Gommers}, Ralf and {Virtanen}, Pauli and {Cournapeau}, David and {Wieser}, Eric and {Taylor}, Julian and {Berg}, Sebastian and {Smith}, Nathaniel J. and {Kern}, Robert and {Picus}, Matti and {Hoyer}, Stephan and {van Kerkwijk}, Marten H. and {Brett}, Matthew and {Haldane}, Allan and {del R{\'\i}o}, Jaime Fern{\'a}ndez and {Wiebe}, Mark and {Peterson}, Pearu and {G{\'e}rard-Marchant}, Pierre and {Sheppard}, Kevin and {Reddy}, Tyler and {Weckesser}, Warren and {Abbasi}, Hameer and {Gohlke}, Christoph and {Oliphant}, Travis E.},
  eprint        = {2006.10256},
  journal       = {Nature},
  keywords      = {Computer Science - Mathematical Software, Statistics - Computation},
  month         = {mar},
  title         = {{Array programming with NumPy}},
  year          = {2020},
  doi           = {10.1038/s41586-020-2649-2}
}

@article{Virtanen:2020,
  url           = {https://ui.adsabs.harvard.edu/abs/2020NatMe..17..261V},
  archiveprefix = {arXiv},
  author        = {{Virtanen}, Pauli and {Gommers}, Ralf and {Oliphant}, Travis E. and {Haberland}, Matt and {Reddy}, Tyler and {Cournapeau}, David and {Burovski}, Evgeni and {Peterson}, Pearu and {Weckesser}, Warren and {Bright}, Jonathan and {van der Walt}, St{\'e}fan J. and {Brett}, Matthew and {Wilson}, Joshua and {Millman}, K. Jarrod and {Mayorov}, Nikolay and {Nelson}, Andrew R.~J. and {Jones}, Eric and {Kern}, Robert and {Larson}, Eric and {Carey}, C.~J. and {Polat}, {\.I}lhan and {Feng}, Yu and {Moore}, Eric W. and {VanderPlas}, Jake and {Laxalde}, Denis and {Perktold}, Josef and {Cimrman}, Robert and {Henriksen}, Ian and {Quintero}, E.~A. and {Harris}, Charles R. and {Archibald}, Anne M. and {Ribeiro}, Ant{\^o}nio H. and {Pedregosa}, Fabian and {van Mulbregt}, Paul and {SciPy 1. 0 Contributors}},
  eprint        = {1907.10121},
  journal       = {Nature},
  keywords      = {Computer Science - Mathematical Software, Computer Science - Data Structures and Algorithms, Computer Science - Software Engineering, Physics - Computational Physics},
  month         = {feb},
  title         = {{SciPy 1.0: fundamental algorithms for scientific computing in Python}},
  year          = {2020},
  doi           = {10.1038/s41592-019-0686-2}
}

@book{Collette:2014,
  keywords  = {python, hdf5},
  year      = {2013},
  publisher = {O'Reilly},
  title     = {Python and HDF5},
  author    = {{Collette}, Andrew}
}

@misc{McKerns:2012,
  title         = {Building a Framework for Predictive Science},
  author        = {{McKerns}, Michael M. and {Strand}, Leif and {Sullivan}, Tim and {Fang}, Alta and {Aivazis}, Michael A. G.},
  year          = {2012},
  eprint        = {1202.1056},
  archiveprefix = {arXiv},
  primaryclass  = {cs.MS},
  doi           = {10.25080/majora-ebaa42b7-00d}
}