@article{Barto1983,
author = {Barto, Andrew G. and Sutton, Richard S. and Anderson, Charles W.},
doi = {10.1109/TSMC.1983.6313077},
issn = {0018-9472},
journal = {IEEE Transactions on Systems, Man, and Cybernetics},
month = {sep},
number = {5},
pages = {834--846},
title = {{Neuronlike adaptive elements that can solve difficult learning control problems}},
url = {http://ieeexplore.ieee.org/document/6313077/},
volume = {SMC-13},
year = {1983}
}

@article{Bellemare2013,
author = {Bellemare, Marc G. and Naddaf, Yavar and Veness, Joel and Bowling, Michael},
doi = {10.1613/jair.3912},
isbn = {9781577357384},
issn = {1076-9757},
journal = {Journal of Artificial Intelligence Research},
month = {jun},
pages = {253--279},
title = {{The Arcade Learning Environment: An Evaluation Platform for General Agents}},
url = {https://jair.org/index.php/jair/article/view/10819},
volume = {47},
year = {2013}
}

@book{Sutton2018,
author = {Sutton, Richard S and Barto, Andrew G},
isbn = {9780262039246},
publisher = {MIT press},
title = {{Reinforcement learning: An introduction}},
year = {2018}
}

@inproceedings{Todorov2012,
author = {Todorov, Emanuel and Erez, Tom and Tassa, Yuval},
booktitle = {2012 IEEE/RSJ International Conference on Intelligent Robots and Systems},
doi = {10.1109/IROS.2012.6386109},
isbn = {978-1-4673-1736-8},
month = {oct},
pages = {5026--5033},
publisher = {IEEE},
title = {{MuJoCo: A physics engine for model-based control}},
url = {http://ieeexplore.ieee.org/document/6386109/},
year = {2012}
}

@misc{Towers2023,
author = {Towers, Mark and Terry, Jordan K. and Kwiatkowski, Ariel and Balis, John U. and de Cola, Gianluca and Deleu, Tristan and Goul{\~{a}}o, Manuel and Kallinteris, Andreas and KG, Arjun and Krimmel, Markus and Perez-Vicente, Rodrigo and Pierr{\'{e}}, Andrea and Schulhoff, Sander and Tai, Jun Jet and Shen, Andrew Tan Jin and Younis, Omar G.},
doi = {10.5281/zenodo.8269265},
title = {{Gymnasium}},
url = {https://zenodo.org/record/8127025},
year = {2023}
}

