---
---
@article{Sculley:2015,
   TITLE      = {Hidden technical debt in machine learning systems},
   AUTHOR     = {Sculley, David
               AND Holt, Gary
               AND Golovin, Daniel
               AND Davydov, Eugene
               AND Phillips, Todd
               AND Ebner, Dietmar
               AND Chaudhary, Vinay
               AND Young, Michael
               AND Crespo, Jean-francois
               AND Dennison, Dan},
   JOURNAL    = {Advances in neural information processing systems},
   VOLUME     = {28},
   YEAR       = {2015}
}
